%%============%%
%% References %%
%%============%%

@article{social,
    author = {Borgatti, Stephen P. and Mehra, Ajay and Brass, Daniel J. and Labianca, Giuseppe},
    title = {Network analysis in the social sciences},
    journal = {Science},
    volume = {323},
    number = {5916},
    pages = {892-895},
    year = {2009},
    doi = {10.1126/science.1165821}
}

@inproceedings{fraud,
    author = {Hajdu, L{\'a}szl{\'o} and Kr√©sz, Mikl{\'o}s},
    title = {Temporal network analytics for fraud detection in the banking sector},
    booktitle = {ADBIS, TPDL and EDA 2020 Common Workshops and Doctoral Consortium},
    publisher = {Springer International Publishing},
    address = {Cham},
    pages = {145-157},
    year = {2020},
    doi = {10.1007/978-3-030-55814-7_12}
}

@article{fraud2,
  title={Applications of the inverse infection problem on bank transaction networks},
  author={B{\'o}ta, Andr{\'a}s and Csernenszky, Andr{\'a}s and Gy{\H{o}}rffy, Lajos and Kov{\'a}cs, Gyula and Kr{\'e}sz, Mikl{\'o}s and Pluh{\'a}r, Andr{\'a}s},
  journal={Central European Journal of Operations Research},
  volume={23},
  pages={345--356},
  year={2015},
  publisher={Springer}
}

@inproceedings{words,
    author = {B{\'o}ta, Andr{\'a}s and Kov{\'a}cs, L{\'a}szl{\'o}},
    title = {The community structure of word association graphs},
    booktitle = {Proceedings of the 9th International Conference on Applied Informatics},
    volume = {1},
    pages = {113-120},
    year = {2014},
    doi = {10.14794/ICAI.9.2014.1.113}
}

@article{words2,
  title={Networks in the mind--what communities reveal about the structure of the lexicon},
  author={Kov{\'a}cs, L{\'a}szl{\'o} and B{\'o}ta, Andr{\'a}s and Hajdu, L{\'a}szl{\'o} and Kr{\'e}sz, Mikl{\'o}s},
  journal={Open linguistics},
  volume={7},
  number={1},
  pages={181--199},
  year={2021},
  publisher={De Gruyter Open Access}
}

@article{kempe_new,
    author = {Kempe, David and Kleinberg, Jon and Tardos, {\'E}va},
    title = {Maximizing the spread of influence through a social network},
    journal = {Theory of Computing},
    volume = {11},
    number = {4},
    pages = {105-147},
    year = {2015},
    doi = {10.4086/toc.2015.v011a004}
}

@inproceedings{kempe,
    author = {Kempe, David and Kleinberg, Jon and Tardos, {\'E}va},
    title = {Maximizing the spread of influence through a social network},
    booktitle = {Proceedings of the Ninth ACM SIGKDD International Conference on Knowledge Discovery and Data Mining},
    pages = {137--146},
    year = {2003},
    organization = {ACM},
    doi = {10.1145/956750.956769}
}

@inproceedings{leskovec_2007_cost,
    title = {Cost-effective outbreak detection in networks},
    author = {Leskovec, Jure and Krause, Andreas and Guestrin, Carlos and Faloutsos, Christos and VanBriesen, Jeanne and Glance, Natalie},
    booktitle = {Proceedings of the 13th ACM SIGKDD International Conference on Knowledge Discovery and Data Mining},
    pages = {420--429},
    year = {2007},
    organization = {ACM},
    doi = {10.1145/1281192.1281239}
}

@inproceedings{goyal_2011_celf,
    title = {CELF++: optimizing the greedy algorithm for influence maximization in social networks},
    author = {Goyal, Amit and Lu, Wei and Lakshmanan, Laks V. S.},
    booktitle = {Proceedings of the 20th International Conference Companion on World Wide Web},
    pages = {47--48},
    year = {2011},
    organization = {ACM},
    doi = {10.1145/1963192.1963217}
}

@article{azaouzi_2021_new,
    title = {New trends in influence maximization models},
    author = {Azaouzi, Mehdi and Mnasri, Wassim and Ben Romdhane, Lotfi},
    journal = {Computer Science Review},
    volume = {40},
    pages = {100393},
    year = {2021},
    doi = {10.1016/j.cosrev.2021.100393}
}

@article{singh_2022_influence,
    title = {Influence maximization frameworks, performance, challenges and directions on social network: A theoretical study},
    author = {Singh, Shashank Sheshar and Srivastva, Divya and Verma, Madhushi and Singh, Jagendra},
    journal = {Journal of King Saud University - Computer and Information Sciences},
    volume = {34},
    number = {9},
    pages = {7570--7603},
    year = {2022},
    doi = {10.1016/j.jksuci.2021.08.009}
}

@article{jaouadi_2024_survey,
    title = {A survey on influence maximization models},
    author = {Jaouadi, Myriam and Ben Romdhane, Lotfi},
    journal = {Expert Systems with Applications},
    volume = {248},
    pages = {123429},
    year = {2024},
    doi = {10.1016/j.eswa.2024.123429}
}

@inproceedings{economic,
    author = {Kr{\'e}sz, Mikl{\'o}s and Pluh{\'a}r, Andr{\'a}s},
    title = {Economic network analysis based on infection models},
    booktitle = {Encyclopedia of Social Network Analysis and Mining},
    publisher = {Springer New York},
    address = {New York, NY},
    pages = {707-715},
    year = {2018},
    doi = {10.1007/978-1-4939-7131-2_29}
}

@inproceedings{wasserman,
    author = {Wasserman, Stanley and Faust, Katherine},
    title = {Social Network Analysis: Methods and Applications},
    series = {Structural Analysis in the Social Sciences},
    publisher = {Cambridge University Press},
    address = {Cambridge},
    volume = "8",
    year = {1994},
    doi = {10.1017/CBO9780511815478}
}

@article{evaluating,
    author = {Hajdu, L{\'a}szl{\'o} and Kr{\'e}sz, Mikl{\'o}s and B{\'o}ta, Andr{\'a}s},
    title = {Evaluating the role of community detection in improving influence maximization heuristics},
    journal = {Social Network Analysis and Mining},
    volume = {11},
    number = {91},
    year = {2021},
    doi = {10.1007/s13278-021-00804-5}
}

@article{fortunato,
    author = {Lancichinetti, Andrea and Fortunato, Santo},
    title = {Benchmarks for testing community detection algorithms on directed and weighted graphs with overlapping communities},
    journal = {Phys. Rev. E},
    volume = {80},
    number = {1},
    year = {2009},
    doi = {10.1103/PhysRevE.80.016118}
}

@misc{stanfordlarge,
    author = {Leskovec, Jure and Krevl, Andrej},
    title = {SNAP Datasets: Stanford large network dataset collection},
    year = {2014},
    url = {https://snap.stanford.edu/data/}
}

@article{csermely,
    author = {Kov{\'a}cs, Istv{\'a}n A. and Palotai, Robin and Szalay, M{\'a}t{\'e} S. and Csermely, P{\'e}ter},
    journal = {PLOS ONE},
    title = {Community Landscapes: An Integrative Approach to Determine Overlapping Network Module Hierarchy, Identify Key Nodes and Predict Network Dynamics},
    year = {2010},
    volume = {5},
    pages = {1-14},
    number = {9},
    doi = {10.1371/journal.pone.0012528}
}

@article{newmanreview,
    author = {Newman, Mark E. J. and Girvan, Michelle},
    title = {Finding and evaluating community structure in networks},
    journal = {Phys. Rev. E},
    volume = {69},
    issue = {2},
    pages = {026113},
    year = {2004},
    doi = {10.1103/PhysRevE.69.026113}
}

@article{fortunatoreview,
    author = {Fortunato, Santo},
    title = {Community detection in graphs},
    journal = {Physics Reports},
    volume = {486},
    number = {3},
    pages = {75-174},
    year = {2010},
    doi = {10.1016/j.physrep.2009.11.002},
}

@article{lisurvey,
    author = {Li, Yuchen and Fan, Ju and Wang, Yanhao and Tan, Kian-Lee},
    title = {Influence Maximization on Social Graphs: A Survey},
    journal = {IEEE Transactions on Knowledge and Data Engineering},
    year = {2018},
    volume = {30},
    number = {10},
    pages = {1852-1872},
    doi = {10.1109/TKDE.2018.2807843}
}

@inproceedings{domingos,
    author = {Domingos, Pedro and Richardson, Matt},
    title = {Mining the network value of customers},
    booktitle = {Proceedings of the Seventh ACM SIGKDD International Conference on Knowledge Discovery and Data Mining},
    series = {KDD '01},
    year = {2001},
    publisher = {Association for Computing Machinery},
    address = {New York, NY},
    pages = {57-66},
    doi = {10.1145/502512.502525},
}

@article{granovetter,
    author = {Granovetter, Mark},
    title = {Threshold models of collective behavior},
    journal = {American journal of sociology},
    volume = {83},
    number = {6},
    pages = {1420-1443},
    year = {1978},
    doi = {10.1086/226707}
}

@article{seir1927,
    author = {Kermack, William Ogilvy and McKendrick, Anderson G.},
    title = {A contribution to the mathematical theory of epidemics},
    journal = {Proceedings of the Royal Society of London. Series A, Containing papers of a mathematical and physical character},
    volume = {115},
    number = {772},
    pages = {700-721},
    year = {1927},
    publisher = {The Royal Society London},
    doi = {10.1098/rspa.1927.0118}
}

@book{seir2001,
    author = {Brauer, Fred and Castillo-Chavez, Carlos},
    title = {Mathematical Models in Population Biology and Epidemiology},
    series = {Texts in Applied Mathematics},
    publisher = {Springer New York},
    address = {New York, NY},
    year = {2001},
    doi = {10.1007/978-1-4614-1686-9}
}

@article{cim,
    author = {Chen, Yi-Cheng and Zhu, Wen-Yuan and Peng, Wen-Chih and Lee, Wang-Chien and Lee, Suh-Yin},
    title = {{CIM}: Community-Based Influence Maximization in Social Networks},
    journal = {ACM Transactions on Intelligent Systems and Technology},
    volume = {5},
    number = {2},
    year = {2014},
    doi = {10.1145/2532549}
}

@article{rajeh,
    author = {Rajeh, Stephany and Cherifi, Hocine},
    title = {Ranking influential nodes in complex networks with community structure},
    journal = {PLOS ONE},
    volume = {17},
    number = {8},
    pages = {1-26},
    year = {2022},
    doi = {10.1371/journal.pone.0273610}
}

@inproceedings{chen,
    author    = {Chen, Wei and Wang, Chi and Wang, Yajun},
    title     = {Scalable influence maximization for prevalent viral marketing in large-scale social networks},
    booktitle = {Proceedings of the 16th ACM SIGKDD International Conference on Knowledge Discovery and Data Mining},
    series    = {KDD '10},
    year      = {2010},
    pages     = {1029--1038},
    publisher = {Association for Computing Machinery},
    address   = {New York, NY, USA},
    doi       = {10.1145/1835804.1835934},
    isbn      = {9781450300551},
    keywords  = {influence maximization, social networks, viral marketing},
    location  = {Washington, DC, USA},
    numpages  = {10}
}
